
  <record>
  <!-- 15. Finding aid and more links test record  -->
  <datafield tag="245" ind1="4" ind2="2">
    <subfield code="a">Camp Kennebec Alumni Collection, 1910-2016</subfield>
  </datafield>
  <datafield tag="856" ind1="4" ind2="2">
    <subfield code="3">View a description and list of collection contents in the online finding aid.</subfield>
    <subfield code="u">http://library.temple.edu/collections/scrc/camp-kennebec-alumni</subfield>
  </datafield>
  <datafield tag="856" ind1="4" ind2="0">
    <subfield code="3">View preserved website versions on Archive-It.</subfield>
    <subfield code="u">https://www.archive-it.org/collections/4280</subfield>
  </datafield>
</record>
</collection>
